/Users/guhar/Desktop/Dropbox/Public/main.bib